@misc{site_apache,
	author = {Apache},
	title = {Apache HTTP Server Project},
	howpublished = "\url{https://httpd.apache.org/}",
	year = {2016}, 
	note = "[Online; acessado em 30.Junho.2016]"
}